%%% ====================================================================
%%%  BibTeX-file{
%%%     author          = "Gerry Murray",
%%%     version         = "1.2",
%%%     date            = "2 April 2012",
%%%     filename        = "acmsmall-sample-bibfile.bib",
%%%     address         = "ACM, NY",
%%%     email           = "murray at hq.acm.org",
%%%     codetable       = "ISO/ASCII",
%%%     keywords        = "ACM Reference Format, bibliography, citation, references",
%%%     supported       = "yes",
%%%     docstring       = "This BibTeX database file contains 'bibdata' entries
%%%                        that 'match' the examples provided in the Specifications Document
%%%                        AND, also, 'legacy'-type bibs. It should assist authors in
%%%                        choosing the 'correct' at-bibtype and necessary bib-fields
%%%                        so as to obtain the appropriate ACM Reference Format output.
%%%                        It also contains many 'Standard Abbreviations'. "
%%%  }
%%% ====================================================================

% Journals

% First the Full Name is given, then the abbreviation used in the AMS Math
% Reviews, with an indication if it could not be found there.
% Note the 2nd overwrites the 1st, so swap them if you want the full name.

 %{AMS}
 @String{AMSTrans = "American Mathematical Society Translations" }
 @String{AMSTrans = "Amer. Math. Soc. Transl." }
 @String{BullAMS = "Bulletin of the American Mathematical Society" }
 @String{BullAMS = "Bull. Amer. Math. Soc." }
 @String{ProcAMS = "Proceedings of the American Mathematical Society" }
 @String{ProcAMS = "Proc. Amer. Math. Soc." }
 @String{TransAMS = "Transactions of the American Mathematical Society" }
 @String{TransAMS = "Trans. Amer. Math. Soc." }

 %ACM
 @String{CACM = "Communications of the {ACM}" }
 @String{CACM = "Commun. {ACM}" }
 @String{CompServ = "Comput. Surveys" }
 @String{JACM = "J. ACM" }
 @String{ACMMathSoft = "{ACM} Transactions on Mathematical Software" }
 @String{ACMMathSoft = "{ACM} Trans. Math. Software" }
 @String{SIGNUM = "{ACM} {SIGNUM} Newsletter" }
 @String{SIGNUM = "{ACM} {SIGNUM} Newslett." }

 @String{AmerSocio = "American Journal of Sociology" }
 @String{AmerStatAssoc = "Journal of the American Statistical Association" }
 @String{AmerStatAssoc = "J. Amer. Statist. Assoc." }
 @String{ApplMathComp = "Applied Mathematics and Computation" }
 @String{ApplMathComp = "Appl. Math. Comput." }
 @String{AmerMathMonthly = "American Mathematical Monthly" }
 @String{AmerMathMonthly = "Amer. Math. Monthly" }
 @String{BIT = "{BIT}" }
 @String{BritStatPsych = "British Journal of Mathematical and Statistical
          Psychology" }
 @String{BritStatPsych = "Brit. J. Math. Statist. Psych." }
 @String{CanMathBull = "Canadian Mathematical Bulletin" }
 @String{CanMathBull = "Canad. Math. Bull." }
 @String{CompApplMath = "Journal of Computational and Applied Mathematics" }
 @String{CompApplMath = "J. Comput. Appl. Math." }
 @String{CompPhys = "Journal of Computational Physics" }
 @String{CompPhys = "J. Comput. Phys." }
 @String{CompStruct = "Computers and Structures" }
 @String{CompStruct = "Comput. \& Structures" }
 @String{CompJour = "The Computer Journal" }
 @String{CompJour = "Comput. J." }
 @String{CompSysSci = "Journal of Computer and System Sciences" }
 @String{CompSysSci = "J. Comput. System Sci." }
 @String{Computing = "Computing" }
 @String{ContempMath = "Contemporary Mathematics" }
 @String{ContempMath = "Contemp. Math." }
 @String{Crelle = "Crelle's Journal" }
 @String{GiornaleMath = "Giornale di Mathematiche" }
 @String{GiornaleMath = "Giorn. Mat." } % didn't find in AMS MR., ibid.

 %IEEE
 @String{Computer = "{IEEE} Computer" }
 @String{IEEETransComp = "{IEEE} Transactions on Computers" }
 @String{IEEETransComp = "{IEEE} Trans. Comput." }
 @String{IEEETransAC = "{IEEE} Transactions on Automatic Control" }
 @String{IEEETransAC = "{IEEE} Trans. Automat. Control" }
 @String{IEEESpec = "{IEEE} Spectrum" } % didn't find in AMS MR
 @String{ProcIEEE = "Proceedings of the {IEEE}" }
 @String{ProcIEEE = "Proc. {IEEE}" } % didn't find in AMS MR
 @String{IEEETransAeroElec = "{IEEE} Transactions on Aerospace and Electronic
     Systems" }
 @String{IEEETransAeroElec = "{IEEE} Trans. Aerospace Electron. Systems" }

 @String{IMANumerAna = "{IMA} Journal of Numerical Analysis" }
 @String{IMANumerAna = "{IMA} J. Numer. Anal." }
 @String{InfProcLet = "Information Processing Letters" }
 @String{InfProcLet = "Inform. Process. Lett." }
 @String{InstMathApp = "Journal of the Institute of Mathematics and
     its Applications" }
 @String{InstMathApp = "J. Inst. Math. Appl." }
 @String{IntControl = "International Journal of Control" }
 @String{IntControl = "Internat. J. Control" }
 @String{IntNumerEng = "International Journal for Numerical Methods in
     Engineering" }
 @String{IntNumerEng = "Internat. J. Numer. Methods Engrg." }
 @String{IntSuper = "International Journal of Supercomputing Applications" }
 @String{IntSuper = "Internat. J. Supercomputing Applic." } % didn't find
%% in AMS MR
 @String{Kibernetika = "Kibernetika" }
 @String{JResNatBurStand = "Journal of Research of the National Bureau
     of Standards" }
 @String{JResNatBurStand = "J. Res. Nat. Bur. Standards" }
 @String{LinAlgApp = "Linear Algebra and its Applications" }
 @String{LinAlgApp = "Linear Algebra Appl." }
 @String{MathAnaAppl = "Journal of Mathematical Analysis and Applications" }
 @String{MathAnaAppl = "J. Math. Anal. Appl." }
 @String{MathAnnalen = "Mathematische Annalen" }
 @String{MathAnnalen = "Math. Ann." }
 @String{MathPhys = "Journal of Mathematical Physics" }
 @String{MathPhys = "J. Math. Phys." }
 @String{MathComp = "Mathematics of Computation" }
 @String{MathComp = "Math. Comp." }
 @String{MathScand = "Mathematica Scandinavica" }
 @String{MathScand = "Math. Scand." }
 @String{TablesAidsComp = "Mathematical Tables and Other Aids to Computation" }
 @String{TablesAidsComp = "Math. Tables Aids Comput." }
 @String{NumerMath = "Numerische Mathematik" }
 @String{NumerMath = "Numer. Math." }
 @String{PacificMath = "Pacific Journal of Mathematics" }
 @String{PacificMath = "Pacific J. Math." }
 @String{ParDistComp = "Journal of Parallel and Distributed Computing" }
 @String{ParDistComp = "J. Parallel and Distrib. Comput." } % didn't find
%% in AMS MR
 @String{ParComputing = "Parallel Computing" }
 @String{ParComputing = "Parallel Comput." }
 @String{PhilMag = "Philosophical Magazine" }
 @String{PhilMag = "Philos. Mag." }
 @String{ProcNAS = "Proceedings of the National Academy of Sciences
                    of the USA" }
 @String{ProcNAS = "Proc. Nat. Acad. Sci. U. S. A." }
 @String{Psychometrika = "Psychometrika" }
 @String{QuartMath = "Quarterly Journal of Mathematics, Oxford, Series (2)" }
 @String{QuartMath = "Quart. J. Math. Oxford Ser. (2)" }
 @String{QuartApplMath = "Quarterly of Applied Mathematics" }
 @String{QuartApplMath = "Quart. Appl. Math." }
 @String{RevueInstStat = "Review of the International Statisical Institute" }
 @String{RevueInstStat = "Rev. Inst. Internat. Statist." }

 %SIAM
 @String{JSIAM = "Journal of the Society for Industrial and Applied
     Mathematics" }
 @String{JSIAM = "J. Soc. Indust. Appl. Math." }
 @String{JSIAMB = "Journal of the Society for Industrial and Applied
     Mathematics, Series B, Numerical Analysis" }
 @String{JSIAMB = "J. Soc. Indust. Appl. Math. Ser. B Numer. Anal." }
 @String{SIAMAlgMeth = "{SIAM} Journal on Algebraic and Discrete Methods" }
 @String{SIAMAlgMeth = "{SIAM} J. Algebraic Discrete Methods" }
 @String{SIAMAppMath = "{SIAM} Journal on Applied Mathematics" }
 @String{SIAMAppMath = "{SIAM} J. Appl. Math." }
 @String{SIAMComp = "{SIAM} Journal on Computing" }
 @String{SIAMComp = "{SIAM} J. Comput." }
 @String{SIAMMatrix = "{SIAM} Journal on Matrix Analysis and Applications" }
 @String{SIAMMatrix = "{SIAM} J. Matrix Anal. Appl." }
 @String{SIAMNumAnal = "{SIAM} Journal on Numerical Analysis" }
 @String{SIAMNumAnal = "{SIAM} J. Numer. Anal." }
 @String{SIAMReview = "{SIAM} Review" }
 @String{SIAMReview = "{SIAM} Rev." }
 @String{SIAMSciStat = "{SIAM} Journal on Scientific and Statistical
     Computing" }
 @String{SIAMSciStat = "{SIAM} J. Sci. Statist. Comput." }

 @String{SoftPracExp = "Software Practice and Experience" }
 @String{SoftPracExp = "Software Prac. Experience" } % didn't find in AMS MR
 @String{StatScience = "Statistical Science" }
 @String{StatScience = "Statist. Sci." }
 @String{Techno = "Technometrics" }
 @String{USSRCompMathPhys = "{USSR} Computational Mathematics and Mathematical
     Physics" }
 @String{USSRCompMathPhys = "{U. S. S. R.} Comput. Math. and Math. Phys." }
 @String{VLSICompSys = "Journal of {VLSI} and Computer Systems" }
 @String{VLSICompSys = "J. {VLSI} Comput. Syst." }
 @String{ZAngewMathMech = "Zeitschrift fur Angewandte Mathematik und
     Mechanik" }
 @String{ZAngewMathMech = "Z. Angew. Math. Mech." }
 @String{ZAngewMathPhys = "Zeitschrift fur Angewandte Mathematik und Physik" }
 @String{ZAngewMathPhys = "Z. Angew. Math. Phys." }

% Publishers % ================================================= |

 @String{Academic = "Academic Press" }
 @String{ACMPress = "{ACM} Press" }
 @String{AdamHilger = "Adam Hilger" }
 @String{AddisonWesley = "Addison-Wesley" }
 @String{AllynBacon = "Allyn and Bacon" }
 @String{AMS = "American Mathematical Society" }
 @String{Birkhauser = "Birkha{\"u}ser" }
 @String{CambridgePress = "Cambridge University Press" }
 @String{Chelsea = "Chelsea" }
 @String{ClaredonPress = "Claredon Press" }
 @String{DoverPub = "Dover Publications" }
 @String{Eyolles = "Eyolles" }
 @String{HoltRinehartWinston = "Holt, Rinehart and Winston" }
 @String{Interscience = "Interscience" }
 @String{JohnsHopkinsPress = "The Johns Hopkins University Press" }
 @String{JohnWileySons = "John Wiley and Sons" }
 @String{Macmillan = "Macmillan" }
 @String{MathWorks = "The Math Works Inc." }
 @String{McGrawHill = "McGraw-Hill" }
 @String{NatBurStd = "National Bureau of Standards" }
 @String{NorthHolland = "North-Holland" }
 @String{OxfordPress = "Oxford University Press" }  %address Oxford or London?
 @String{PergamonPress = "Pergamon Press" }
 @String{PlenumPress = "Plenum Press" }
 @String{PrenticeHall = "Prentice-Hall" }
 @String{SIAMPub = "{SIAM} Publications" }
 @String{Springer = "Springer-Verlag" }
 @String{TexasPress = "University of Texas Press" }
 @String{VanNostrand = "Van Nostrand" }
 @String{WHFreeman = "W. H. Freeman and Co." }

%Entries
@inproceedings{zhou2012should,
	title={Where should the bugs be fixed?-more accurate information retrieval-based bug localization based on bug reports},
	author={Zhou, Jian and Zhang, Hongyu and Lo, David},
	booktitle={Proceedings of the 34th International Conference on Software Engineering},
	pages={14--24},
	year={2012},
	organization={IEEE Press}
}

@inproceedings{lam2017bug,
	title={Bug localization with combination of deep learning and information retrieval},
	author={Lam, An Ngoc and Nguyen, Anh Tuan and Nguyen, Hoan Anh and Nguyen, Tien N},
	booktitle={Program Comprehension (ICPC), 2017 IEEE/ACM 25th International Conference on},
	pages={218--229},
	year={2017},
	organization={IEEE}
}

@inproceedings{hellendoorn2017deep,
	title={Are deep neural networks the best choice for modeling source code?},
	author={Hellendoorn, Vincent J and Devanbu, Premkumar},
	booktitle={Proceedings of the 2017 11th Joint Meeting on Foundations of Software Engineering},
	pages={763--773},
	year={2017},
	organization={ACM}
}


@inproceedings{nguyen2011topic,
	title={A topic-based approach for narrowing the search space of buggy files from a bug report},
	author={Nguyen, Anh Tuan and Nguyen, Tung Thanh and Al-Kofahi, Jafar and Nguyen, Hung Viet and Nguyen, Tien N},
	booktitle={Proceedings of the 2011 26th IEEE/ACM International Conference on Automated Software Engineering},
	pages={263--272},
	year={2011},
	organization={IEEE Computer Society}
}

@inproceedings{wang2014version,
	title={Version history, similar report, and structure: Putting them together for improved bug localization},
	author={Wang, Shaowei and Lo, David},
	booktitle={Proceedings of the 22nd International Conference on Program Comprehension},
	pages={53--63},
	year={2014},
	organization={ACM}
}

@inproceedings{gay2009use,
	title={On the use of relevance feedback in IR-based concept location},
	author={Gay, Gregory and Haiduc, Sonia and Marcus, Andrian and Menzies, Tim},
	booktitle={Software Maintenance, 2009. ICSM 2009. IEEE International Conference on},
	pages={351--360},
	year={2009},
	organization={IEEE}
}

@inproceedings{saha2013improving,
	title={Improving bug localization using structured information retrieval},
	author={Saha, Ripon K and Lease, Matthew and Khurshid, Sarfraz and Perry, Dewayne E},
	booktitle={Automated Software Engineering (ASE), 2013 IEEE/ACM 28th International Conference on},
	pages={345--355},
	year={2013},
	organization={IEEE}
}

@article{anvik2011reducing,
	title={Reducing the effort of bug report triage: Recommenders for development-oriented decisions},
	author={Anvik, John and Murphy, Gail C},
	journal={ACM Transactions on Software Engineering and Methodology (TOSEM)},
	volume={20},
	number={3},
	pages={10},
	year={2011},
	publisher={ACM}
}

@inproceedings{bhattacharya2010fine,
	title={Fine-grained incremental learning and multi-feature tossing graphs to improve bug triaging},
	author={Bhattacharya, Pamela and Neamtiu, Iulian},
	booktitle={Software Maintenance (ICSM), 2010 IEEE International Conference on},
	pages={1--10},
	year={2010},
	organization={IEEE}
}
@inproceedings{xuan2012developer,
	title={Developer prioritization in bug repositories},
	author={Xuan, Jifeng and Jiang, He and Ren, Zhilei and Zou, Weiqin},
	booktitle={Software Engineering (ICSE), 2012 34th International Conference on},
	pages={25--35},
	year={2012},
	organization={IEEE}
}
@inproceedings{shokripour2013so,
	title={Why so complicated? simple term filtering and weighting for location-based bug report assignment recommendation},
	author={Shokripour, Ramin and Anvik, John and Kasirun, Zarinah M and Zamani, Sima},
	booktitle={Proceedings of the 10th Working Conference on Mining Software Repositories},
	pages={2--11},
	year={2013},
	organization={IEEE Press}
}

@article{jonsson2016automated,
	title={Automated bug assignment: Ensemble-based machine learning in large scale industrial contexts},
	author={Jonsson, Leif and Borg, Markus and Broman, David and Sandahl, Kristian and Eldh, Sigrid and Runeson, Per},
	journal={Empirical Software Engineering},
	volume={21},
	number={4},
	pages={1533--1578},
	year={2016},
	publisher={Springer}
}

@inproceedings{jeong2009improving,
	title={Improving bug triage with bug tossing graphs},
	author={Jeong, Gaeul and Kim, Sunghun and Zimmermann, Thomas},
	booktitle={Proceedings of the the 7th joint meeting of the European software engineering conference and the ACM SIGSOFT symposium on The foundations of software engineering},
	pages={111--120},
	year={2009},
	organization={ACM}
}

@article{salton1975vector,
	title={A vector space model for automatic indexing},
	author={Salton, Gerard and Wong, Anita and Yang, Chung-Shu},
	journal={Communications of the ACM},
	volume={18},
	number={11},
	pages={613--620},
	year={1975},
	publisher={ACM}
}

@article{salton1988term,
	title={Term-weighting approaches in automatic text retrieval},
	author={Salton, Gerard and Buckley, Christopher},
	journal={Information processing \& management},
	volume={24},
	number={5},
	pages={513--523},
	year={1988},
	publisher={Elsevier}
}


@inproceedings{mikolov2010recurrent,
	title={Recurrent neural network based language model},
	author={Mikolov, Tom{\'a}{\v{s}} and Karafi{\'a}t, Martin and Burget, Luk{\'a}{\v{s}} and {\v{C}}ernock{\`y}, Jan and Khudanpur, Sanjeev},
	booktitle={Eleventh Annual Conference of the International Speech Communication Association},
	year={2010}
}

@inproceedings{raychev2014code,
	title={Code completion with statistical language models},
	author={Raychev, Veselin and Vechev, Martin and Yahav, Eran},
	booktitle={Acm Sigplan Notices},
	volume={49},
	number={6},
	pages={419--428},
	year={2014},
	organization={ACM}
}

@inproceedings{dietterich2000ensemble,
	title={Ensemble methods in machine learning},
	author={Dietterich, Thomas G},
	booktitle={International workshop on multiple classifier systems},
	pages={1--15},
	year={2000},
	organization={Springer}
}

@article{wolpert1992stacked,
	title={Stacked generalization},
	author={Wolpert, David H},
	journal={Neural networks},
	volume={5},
	number={2},
	pages={241--259},
	year={1992},
	publisher={Elsevier}
}