@article{srivastava2008test,
  title={Test case prioritization},
  author={Srivastava, Praveen Ranjan},
  journal={Journal of Theoretical and Applied Information Technology},
  volume={4},
  number={3},
  pages={178--181},
  year={2008}
}

%early TCP paper
@article{elbaum2002test,
  title={Test case prioritization: A family of empirical studies},
  author={Elbaum, Sebastian and Malishevsky, Alexey G and Rothermel, Gregg},
  journal={Software Engineering, IEEE Transactions on},
  volume={28},
  number={2},
  pages={159--182},
  year={2002},
  publisher={IEEE}
}
%first TCP paper
@inproceedings{wong1997study,
  title={A study of effective regression testing in practice},
  author={Wong, W Eric and Horgan, Joseph R and London, Saul and Agrawal, Hira},
  booktitle={Software Reliability Engineering, 1997. Proceedings., The Eighth International Symposium on},
  pages={264--274},
  year={1997},
  organization={IEEE}
}


%first general tcp paper
@inproceedings{rothermel1999test,
  title={Test case prioritization: An empirical study},
  author={Rothermel, Gregg and Untch, Roland H and Chu, Chengyun and Harrold, Mary Jean},
  booktitle={Software Maintenance, 1999.(ICSM'99) Proceedings. IEEE International Conference on},
  pages={179--188},
  year={1999},
  organization={IEEE}
}

%first history-based TCP paper
@inproceedings{kim2002history,
  title={A history-based test prioritization technique for regression testing in resource constrained environments},
  author={Kim, Jung-Min and Porter, Adam},
  booktitle={Software Engineering, 2002. ICSE 2002. Proceedings of the 24rd International Conference on},
  pages={119--129},
  year={2002},
  organization={IEEE}
}

@inproceedings{kim2010effective,
  title={An effective fault aware test case prioritization by incorporating a fault localization technique},
  author={Kim, Sejun and Baik, Jongmoon},
  booktitle={Proceedings of the 2010 ACM-IEEE International Symposium on Empirical Software Engineering and Measurement},
  pages={5},
  year={2010},
  organization={ACM}
}

@inproceedings{jones2005empirical,
  title={Empirical evaluation of the tarantula automatic fault-localization technique},
  author={Jones, James A and Harrold, Mary Jean},
  booktitle={Proceedings of the 20th IEEE/ACM international Conference on Automated software engineering},
  pages={273--282},
  year={2005},
  organization={ACM}
}

%a summary of existed test optimization technique
@article{yoo2012regression,
  title={Regression testing minimization, selection and prioritization: a survey},
  author={Yoo, Shin and Harman, Mark},
  journal={Software Testing, Verification and Reliability},
  volume={22},
  number={2},
  pages={67--120},
  year={2012},
  publisher={Wiley Online Library}
}

@inproceedings{han2000mining,
  title={Mining frequent patterns without candidate generation},
  author={Han, Jiawei and Pei, Jian and Yin, Yiwen},
  booktitle={ACM SIGMOD Record},
  volume={29},
  number={2},
  pages={1--12},
  year={2000},
  organization={ACM}
}

@inproceedings{li2008pfp,
  title={Pfp: parallel fp-growth for query recommendation},
  author={Li, Haoyuan and Wang, Yi and Zhang, Dong and Zhang, Ming and Chang, Edward Y},
  booktitle={Proceedings of the 2008 ACM conference on Recommender systems},
  pages={107--114},
  year={2008},
  organization={ACM}
}

@incollection{fraser2007redundancy,
  title={Redundancy based test-suite reduction},
  author={Fraser, Gordon and Wotawa, Franz},
  booktitle={Fundamental Approaches to Software Engineering},
  pages={291--305},
  year={2007},
  publisher={Springer}
}

@article{Harrold:1993:MCS:152388.152391,
 author = {Harrold, M. Jean and Gupta, Rajiv and Soffa, Mary Lou},
 title = {A Methodology for Controlling the Size of a Test Suite},
 journal = {ACM Trans. Softw. Eng. Methodol.},
 issue_date = {July 1993},
 volume = {2},
 number = {3},
 month = jul,
 year = {1993},
 issn = {1049-331X},
 pages = {270--285},
 numpages = {16},
 url = {http://doi.acm.org/10.1145/152388.152391},
 doi = {10.1145/152388.152391},
 acmid = {152391},
 publisher = {ACM},
 address = {New York, NY, USA},
 keywords = {hitting set, regression testing, software engineering, software maintenance, test suite reduction},
}

@article{rothermel2001prioritizing,
  title={Prioritizing test cases for regression testing},
  author={Rothermel, Gregg and Untch, Roland H and Chu, Chengyun and Harrold, Mary Jean},
  journal={Software Engineering, IEEE Transactions on},
  volume={27},
  number={10},
  pages={929--948},
  year={2001},
  publisher={IEEE}
}

@article{leung1990insights,
  title={Insights into testing and regression testing global variables},
  author={Leung, Hareton KN and White, Lee},
  journal={Journal of Software Maintenance: Research and Practice},
  volume={2},
  number={4},
  pages={209--222},
  year={1990},
  publisher={Wiley Online Library}
}

@incollection{gupta2015improved,
  title={An Improved History-Based Test Prioritization Technique Technique Using Code Coverage},
  author={Gupta, Avinash and Mishra, Nayneesh and Tripathi, Aprna and Vardhan, Manu and Kushwaha, Dharmender Singh},
  booktitle={Advanced Computer and Communication Engineering Technology},
  pages={437--448},
  year={2015},
  publisher={Springer}
}

@inproceedings{talby1999supporting,
  title={Supporting priorities and improving utilization of the IBM SP scheduler using slack-based backfilling},
  author={Talby, David and Feitelson, Dror G},
  booktitle={Parallel Processing, 1999. 13th International and 10th Symposium on Parallel and Distributed Processing, 1999. 1999 IPPS/SPDP. Proceedings},
  pages={513--517},
  year={1999},
  organization={IEEE}
}

@inproceedings{Jackson:2001:CAM:646382.689682,
 author = {Jackson, David B. and Snell, Quinn and Clement, Mark J.},
 title = {Core Algorithms of the Maui Scheduler},
 booktitle = {Revised Papers from the  7th International Workshop on Job Scheduling Strategies for Parallel Processing},
 series = {JSSPP '01},
 year = {2001},
 isbn = {3-540-42817-8},
 pages = {87--102},
 numpages = {16},
 url = {http://dl.acm.org/citation.cfm?id=646382.689682},
 acmid = {689682},
 publisher = {Springer-Verlag},
 address = {London, UK, UK},
} 


@article{mantyla2014rapid,
  title={On rapid releases and software testing: a case study and a semi-systematic literature review},
  author={M{\"a}ntyl{\"a}, Mika V and Adams, Bram and Khomh, Foutse and Engstr{\"o}m, Emelie and Petersen, Kai},
  journal={Empirical Software Engineering},
  pages={1--42},
  year={2014},
  publisher={Springer}
}

@inproceedings{hemmati2015prioritizing,
  title={Prioritizing Manual Test Cases in Traditional and Rapid Release Environments},
  author={Hemmati, Hadi and Fang, Zhihan and Mantyla, Mika V},
  booktitle={Software Testing, Verification and Validation (ICST), 2015 IEEE 8th International Conference on},
  pages={1--10},
  year={2015},
  organization={IEEE}
}


@inproceedings{Herzig2015ICSE,
	author = {Herzig, Kim and Greiler, Michaela and Czerwonka, Jacek and Murphy, Brendan},
	title = {The Art of Testing Less Without Sacrificing Quality},
	booktitle = {Proceedings of the 37th International Conference on Software Engineering - Volume 1},
	series = {ICSE '15},
	year = {2015},
	isbn = {978-1-4799-1934-5},
	location = {Florence, Italy},
	pages = {483--493},
	numpages = {11},
	url = {http://dl.acm.org/citation.cfm?id=2818754.2818815},
	acmid = {2818815},
	publisher = {IEEE Press},
	address = {Piscataway, NJ, USA},
	keywords = {cost estimation, measurement, test improvement},
} 

@INPROCEEDINGS{7102602,
author={Hemmati, H. and Zhihan Fang and Mantyla, M.V.},
booktitle={Software Testing, Verification and Validation (ICST), 2015 IEEE 8th International Conference on},
title={Prioritizing Manual Test Cases in Traditional and Rapid Release Environments},
year={2015},
pages={1-10},
keywords={online front-ends;program testing;software fault tolerance;source code (software);Mozilla Firefox;code coverage;coverage-based approach;diversity-based approach;fault detection;historical riskiness;large scale systems;manual black-box system testing;manual test case prioritization;rapid release environments;risk driven approach;source code;test execution;Companies;Context;Fault detection;Manuals;Natural languages;Software;Testing},
doi={10.1109/ICST.2015.7102602},
month={April},}

@article{
year={2015},
issn={1382-3256},
journal={Empirical Software Engineering},
volume={20},
number={5},
doi={10.1007/s10664-014-9338-4},
title={On rapid releases and software testing: a case study and a semi-systematic literature review},
url={http://dx.doi.org/10.1007/s10664-014-9338-4},
publisher={Springer US},
keywords={Software testing; Release model; Builds; Bugs; Open-source; Agile releases; Mozilla},
author={Mäntylä, MikaV. and Adams, Bram and Khomh, Foutse and Engström, Emelie and Petersen, Kai},
pages={1384-1425},
language={English}
}

@article{rahman2015release,
  title={Release stabilization on linux and chrome},
  author={Rahman, Md Tajmilur and Rigby, Peter C},
  journal={IEEE Software},
  number={2},
  pages={81--88},
  year={2015},
  publisher={IEEE}
}

@article{horn1974some,
  title={Some simple scheduling algorithms},
  author={Horn, WA},
  journal={Naval Research Logistics Quarterly},
  volume={21},
  number={1},
  pages={177--185},
  year={1974},
  publisher={Wiley Online Library}
}

%scheduling algorithms
@book{buttazzo2011hard,
  title={Hard real-time computing systems: predictable scheduling algorithms and applications},
  author={Buttazzo, Giorgio},
  volume={24},
  year={2011},
  publisher={Springer Science \& Business Media}
}

@article{li2007search,
  title={Search algorithms for regression test case prioritization},
  author={Li, Zheng and Harman, Mark and Hierons, Robert M},
  journal={Software Engineering, IEEE Transactions on},
  volume={33},
  number={4},
  pages={225--237},
  year={2007},
  publisher={IEEE}
}


%test dependency, leads to failure of TSM and TCP
@inproceedings{Zhang:2014:ERT:2610384.2610404,
 author = {Zhang, Sai and Jalali, Darioush and Wuttke, Jochen and Mu\c{s}lu, K\ivan\c{c} and Lam, Wing and Ernst, Michael D. and Notkin, David},
 title = {Empirically Revisiting the Test Independence Assumption},
 booktitle = {Proceedings of the 2014 International Symposium on Software Testing and Analysis},
 series = {ISSTA 2014},
 year = {2014},
 isbn = {978-1-4503-2645-2},
 location = {San Jose, CA, USA},
 pages = {385--396},
 numpages = {12},
 url = {http://doi.acm.org/10.1145/2610384.2610404},
 doi = {10.1145/2610384.2610404},
 acmid = {2610404},
 publisher = {ACM},
 address = {New York, NY, USA},
 keywords = {Test dependence, detection algorithms, empirical studies},
} 

%test prioritization in continuous testing for google
%first dynamic model
@inproceedings{Elbaum2014FSE,
 author = {Elbaum, Sebastian and Rothermel, Gregg and Penix, John},
 title = {Techniques for Improving Regression Testing in Continuous Integration Development Environments},
 booktitle = {Proceedings of the 22Nd ACM SIGSOFT International Symposium on Foundations of Software Engineering},
 series = {FSE 2014},
 year = {2014},
 isbn = {978-1-4503-3056-5},
 location = {Hong Kong, China},
 pages = {235--245},
 numpages = {11},
 url = {http://doi.acm.org/10.1145/2635868.2635910},
 doi = {10.1145/2635868.2635910},
 acmid = {2635910},
 publisher = {ACM},
 address = {New York, NY, USA},
 keywords = {Continuous Integration, Regression Test Selection, Regression Testing, Test Case Prioritization},
} 

%first test prioritization in continuous testing
@inproceedings{marijan2013test,
  title={Test case prioritization for continuous regression testing: An industrial case study},
  author={Marijan, Dusica and Gotlieb, Arnaud and Sen, Sagar},
  booktitle={2013 IEEE International Conference on Software Maintenance},
  pages={540--543},
  year={2013},
  organization={IEEE}
}

%new tcp technique
@article{Hao:2014:UTC:2702120.2685614,
 author = {Hao, Dan and Zhang, Lingming and Zhang, Lu and Rothermel, Gregg and Mei, Hong},
 title = {A Unified Test Case Prioritization Approach},
 journal = {ACM Trans. Softw. Eng. Methodol.},
 issue_date = {December 2014},
 volume = {24},
 number = {2},
 month = dec,
 year = {2014},
 issn = {1049-331X},
 pages = {10:1--10:31},
 articleno = {10},
 numpages = {31},
 url = {http://doi.acm.org/10.1145/2685614},
 doi = {10.1145/2685614},
 acmid = {2685614},
 publisher = {ACM},
 address = {New York, NY, USA},
 keywords = {Software testing, additional strategy, test case prioritization, total strategy},
} 

%new tcp technique
@inproceedings{Epitropakis:2015:EEP:2771783.2771788,
 author = {Epitropakis, Michael G. and Yoo, Shin and Harman, Mark and Burke, Edmund K.},
 title = {Empirical Evaluation of Pareto Efficient Multi-objective Regression Test Case Prioritisation},
 booktitle = {Proceedings of the 2015 International Symposium on Software Testing and Analysis},
 series = {ISSTA 2015},
 year = {2015},
 isbn = {978-1-4503-3620-8},
 location = {Baltimore, MD, USA},
 pages = {234--245},
 numpages = {12},
 url = {http://doi.acm.org/10.1145/2771783.2771788},
 doi = {10.1145/2771783.2771788},
 acmid = {2771788},
 publisher = {ACM},
 address = {New York, NY, USA},
 keywords = {Test case prioritization, additional greedy algorithm, coverage compaction, multi-objective evolutionary algorithm},
} 

%dynamic scheduling algorithm
@article{chetto1990dynamic,
  title={Dynamic scheduling of real-time tasks under precedence constraints},
  author={Chetto, Houssine and Silly, Maryline and Bouchentouf, T},
  journal={Real-Time Systems},
  volume={2},
  number={3},
  pages={181--194},
  year={1990},
  publisher={Springer}
}

%CT on codebase
@inproceedings{Elbaum:2001:ISE:846228.848646,
 author = {Elbaum, Sebastian and Gable, David and Rothermel, Gregg},
 title = {The Impact of Software Evolution on Code Coverage Information},
 booktitle = {Proceedings of the IEEE International Conference on Software Maintenance (ICSM'01)},
 series = {ICSM '01},
 year = {2001},
 isbn = {0-7695-1189-9},
 pages = {170--},
 url = {http://dx.doi.org/10.1109/ICSM.2001.972727},
 doi = {10.1109/ICSM.2001.972727},
 acmid = {848646},
 publisher = {IEEE Computer Society},
 address = {Washington, DC, USA},
} 

%continuously perform regression testing
@inproceedings{saff2004experimental,
  title={An experimental evaluation of continuous testing during development},
  author={Saff, David and Ernst, Michael D},
  booktitle={ACM SIGSOFT Software Engineering Notes},
  volume={29},
  number={4},
  pages={76--85},
  year={2004},
  organization={ACM}
}

%fault localization based TCP
@inproceedings{jiang2009well,
  title={How well do test case prioritization techniques support statistical fault localization},
  author={Jiang, Bo and Zhang, Zhenyu and Tse, TH and Chen, Tsong Yueh},
  booktitle={2009 33rd Annual IEEE International Computer Software and Applications Conference},
  volume={1},
  pages={99--106},
  year={2009},
  organization={IEEE}
}


@misc{ChromeVsFirefox,
  author = {Pingdom.com},
  title = {Comparing the efficiency of Chrome's and Firefox's automated updates (study)},
  year = 2011,
  howpublished = {\url{http://royal.pingdom.com/2011/12/06/comparing-chrome-and-firefox-automated-updates-study/}},
  note = {Accessed: 2016-07-31}
}



%skewness evaluation
@article{doane2011measuring,
  title={Measuring skewness: a forgotten statistic},
  author={Doane, David P and Seward, Lori E},
  journal={Journal of Statistics Education},
  volume={19},
  number={2},
  pages={1--18},
  year={2011},
  publisher={American Statistical Association. 732 North Washington Street, Alexandria, VA 22314}
}

%kurtosis
@article{decarlo1997meaning,
  title={On the meaning and use of kurtosis.},
  author={DeCarlo, Lawrence T},
  journal={Psychological methods},
  volume={2},
  number={3},
  pages={292},
  year={1997},
  publisher={American Psychological Association}
}
%introducing rapid release to the comunity 
@book{beck2000extreme,
  title={Extreme programming explained: embrace change},
  author={Beck, Kent},
  year={2000},
  publisher={addison-wesley professional}
}

%response time
@book{kleinrock1976queueing,
  title={Queueing systems, volume 2: Computer applications},
  author={Kleinrock, Leonard},
  volume={66},
  year={1976},
  publisher={wiley New York}
}


@inproceedings{Muslu:2013:DDC:2491411.2494580,
	author = {Mu\c{s}lu, K\ivan\c{c} and Brun, Yuriy and Meliou, Alexandra},
	title = {Data Debugging with Continuous Testing},
	booktitle = {Proceedings of the 2013 9th Joint Meeting on Foundations of Software Engineering},
	series = {ESEC/FSE 2013},
	year = {2013},
	isbn = {978-1-4503-2237-9},
	location = {Saint Petersburg, Russia},
	pages = {631--634},
	numpages = {4},
	url = {http://doi.acm.org/10.1145/2491411.2494580},
	doi = {10.1145/2491411.2494580},
	acmid = {2494580},
	publisher = {ACM},
	address = {New York, NY, USA},
	keywords = {Database testing, continuous testing, data debugging},
} 


%support for test co-failures
@inproceedings{cohen2003constructing,
	title={Constructing test suites for interaction testing},
	author={Cohen, Myra B and Gibbons, Peter B and Mugridge, Warwick B and Colbourn, Charles J},
	booktitle={Software Engineering, 2003. Proceedings. 25th International Conference on},
	pages={38--48},
	year={2003},
	organization={IEEE}
}

%extra citationis
@inproceedings{kukreja2013randomizing,
	title={Randomizing regression tests using game theory},
	author={Kukreja, Nupul and Halfond, William GJ and Tambe, Milind},
	booktitle={Automated Software Engineering (ASE), 2013 IEEE/ACM 28th International Conference on},
	pages={616--621},
	year={2013},
	organization={IEEE}
}

@inproceedings{qu2008configuration,
	title={Configuration-aware regression testing: an empirical study of sampling and prioritization},
	author={Qu, Xiao and Cohen, Myra B and Rothermel, Gregg},
	booktitle={Proceedings of the 2008 international symposium on Software testing and analysis},
	pages={75--86},
	year={2008},
	organization={ACM}
}

@inproceedings{just2012using,
	title={Using non-redundant mutation operators and test suite prioritization to achieve efficient and scalable mutation analysis},
	author={Just, Ren{\'e} and Kapfhammer, Gregory M and Schweiggert, Franz},
	booktitle={Software Reliability Engineering (ISSRE), 2012 IEEE 23rd International Symposium on},
	pages={11--20},
	year={2012},
	organization={IEEE}
}


@inproceedings{saha2015information,
	title={An information retrieval approach for regression test prioritization based on program changes},
	author={Saha, Ripon K and Zhang, Lingming and Khurshid, Sarfraz and Perry, Dewayne E},
	booktitle={Software Engineering (ICSE), 2015 IEEE/ACM 37th IEEE International Conference on},
	volume={1},
	pages={268--279},
	year={2015},
	organization={IEEE}
}

@article{panichella2015improving,
	title={Improving multi-objective test case selection by injecting diversity in genetic algorithms},
	author={Panichella, Annibale and Oliveto, Rocco and Di Penta, Massimiliano and De Lucia, Andrea},
	journal={IEEE Transactions on Software Engineering},
	volume={41},
	number={4},
	pages={358--383},
	year={2015},
	publisher={IEEE}
}

@misc{nguyen2014test,
	title={Test prioritization based on change sensitivity: an industrial case study},
	author={Nguyen, Cu and Tonella, Paolo and Vos, Tanja and Condori, Nelly and Mendelson, Bilha and Citron, Daniel and Shehory, Onn},
	journal={Technical Report Series/Department of Information and Computing Sciences Utrecht University},
	number={UU-CS-2014-012},
	year={2014},
	publisher={UU BETA ICS Departement Informatica}
}

@inproceedings{nguyen2011change,
	title={Change sensitivity based prioritization for audit testing of webservice compositions},
	author={Nguyen, Cu D and Marchetto, Alessandro and Tonella, Paolo},
	booktitle={Software Testing, Verification and Validation Workshops (ICSTW), 2011 IEEE Fourth International Conference on},
	pages={357--365},
	year={2011},
	organization={IEEE}
}

@article{gunn1998support,
	title={Support vector machines for classification and regression},
	author={Gunn, Steve R and others},
	journal={ISIS technical report},
	volume={14},
	pages={85--86},
	year={1998}
}

@book{quinlan2014c4,
	title={C4. 5: programs for machine learning},
	author={Quinlan, J Ross},
	year={2014},
	publisher={Elsevier}
}

@inproceedings{john1995estimating,
	title={Estimating continuous distributions in Bayesian classifiers},
	author={John, George H and Langley, Pat},
	booktitle={Proceedings of the Eleventh conference on Uncertainty in artificial intelligence},
	pages={338--345},
	year={1995},
	organization={Morgan Kaufmann Publishers Inc.}
}

@article{ganter1996formal,
	title={Formal concept analysis},
	author={Ganter, Bernhard and Wille, Rudolf},
	journal={Wissenschaftliche Zeitschrift-Technischen Universitat Dresden},
	volume={45},
	pages={8--13},
	year={1996}
}


@article{deerwester1990indexing,
	title={Indexing by latent semantic analysis},
	author={Deerwester, Scott and Dumais, Susan T and Furnas, George W and Landauer, Thomas K and Harshman, Richard},
	journal={Journal of the American society for information science},
	volume={41},
	number={6},
	pages={391},
	year={1990},
	publisher={American Documentation Institute}
}

